<?xml version="1.0" encoding="UTF-8"?><collection xmlns="http://www.loc.gov/MARC21/slim"><record><leader>00656nam--2200205-i-4500</leader><controlfield tag="001">000011292</controlfield><controlfield tag="002">20161230</controlfield><controlfield tag="005">20161230201029</controlfield><controlfield tag="008">060222s1000------------r-----000-0-eng-d</controlfield><datafield ind1=" " ind2=" " tag="020"><subfield code="a">306303833</subfield></datafield><datafield ind1=" " ind2=" " tag="040"><subfield code="a">IFIN-HH</subfield></datafield><datafield ind1=" " ind2=" " tag="080"><subfield code="a">539.18(061.3):539.1(061.3)</subfield></datafield><datafield ind1="1" ind2=" " tag="100"><subfield code="a">Woodgate, G.K</subfield></datafield><datafield ind1="1" ind2="0" tag="245"><subfield code="a">Atomic physics 2</subfield><subfield code="b">Proceedings of the second international conference on atomic physics, july 21-24, 1970, oxford</subfield><subfield code="c">G.k. woodgate (conference chairman) p.g.h. sandars (ed.)</subfield></datafield><datafield ind1=" " ind2=" " tag="260"><subfield code="a">New York</subfield><subfield code="b">Plenum Press</subfield><subfield code="c">1971</subfield></datafield><datafield ind1=" " ind2=" " tag="300"><subfield code="a">386P</subfield></datafield><datafield ind1=" " ind2=" " tag="490"><subfield code="a">Atomic Physics</subfield></datafield><datafield ind1="1" ind2=" " tag="700"><subfield code="a">Sandars, P.G.H</subfield><subfield code="e">Ed</subfield></datafield><datafield ind1=" " ind2=" " tag="852"><subfield code="a">10056</subfield><subfield code="c">539</subfield></datafield><datafield ind1=" " ind2=" " tag="CAT"><subfield code="a">Sys</subfield><subfield code="c">20110921</subfield><subfield code="h">144747</subfield></datafield></record></collection>